<?xml version="1.0" encoding="UTF-8"?><record xmlns="http://www.loc.gov/MARC21/slim" xmlns:cinclude="http://apache.org/cocoon/include/1.0" xmlns:zs="http://www.loc.gov/zing/srw/">
  <leader>00413cz  a2200133n  4500</leader>
  <controlfield tag="001">n  88054396 </controlfield>
  <controlfield tag="003">DLC</controlfield>
  <controlfield tag="005">19890107074409.7</controlfield>
  <controlfield tag="008">881123n| acannaab|          |a aaa |||  </controlfield>
  <datafield tag="010" ind1=" " ind2=" ">
    <subfield code="a">n  88054396 </subfield>
  </datafield>
  <datafield tag="040" ind1=" " ind2=" ">
    <subfield code="a">DLC</subfield>
    <subfield code="c">DLC</subfield>
  </datafield>
  <datafield tag="100" ind1="1" ind2="0">
    <subfield code="a">Galeev, V. B.</subfield>
    <subfield code="q">(Vil聞 Bareevich)</subfield>
  </datafield>
  <datafield tag="400" ind1="1" ind2="0">
    <subfield code="a">Galeev, Vil聞 Bareevich</subfield>
  </datafield>
  <datafield tag="670" ind1=" " ind2=" ">
    <subfield code="a">His Magistral聞nye nefteproduktoprovody, 1988:</subfield>
    <subfield code="b">t.p. (V. B. Galeev) verso t.p. (Galeev, Vil聞 Bareevich)</subfield>
  </datafield>
</record>